@article{teichmann2019machine,
  title={Machine learning in finance},
  author={Teichmann, Josef},
  journal={URL: https://people. math. ethz. ch/jteichma/index. php},
  year={2019}
}

@article{buehler2019deep,
  title={Deep hedging},
  author={Buehler, Hans and Gonon, Lukas and Teichmann, Josef and Wood, Ben},
  journal={Quantitative Finance},
  volume={19},
  number={8},
  pages={1271--1291},
  year={2019},
  publisher={Taylor \& Francis}
}